/////////////////////////////////////////////////////////
/// Insert References In Here using the BibTeX format
/// Look here for CS literature: http://dl.acm.org
/////////////////////////////////////////////////////////


@misc{rbruce1998,
  author        = {Rebecca Bruce},
  title         = {{Internal State Representation}},
  howpublished  = "\url{http://www.cs.unca.edu/~bruce/Spring98/csci373/ch4/lecture.html}",
  year          = {1998},
  note          = "[Online; accessed 5 April 2016]"
}

@misc{amackworth1998,
  author        = {Alan Mackworth},
  title         = {{Iterative Deepening and IDA*}},
  howpublished  = "\url{http://www.cs.ubc.ca/~mack/CS322/lectures/2-Search6.pdf}",
  year          = {2013},
  note          = "[Online; accessed 5 April 2016]"
}

@misc{canderson2012,
  author        = {Chuck Anderson},
  title         = {{More Uninformed Search Methods}},
  howpublished  = "\url{http://www.cs.colostate.edu/~anderson/cs440/index.html/doku.php?id=notes:week2b}",
  year          = {2012},
  note          = "[Online; accessed 4 April 2016]"
}

@misc{redblob2014,
  author        = {{Red Blob Games}},
  title         = {{Implementation of A*}},
  howpublished  = "\url{http://www.redblobgames.com/pathfinding/a-star/implementation.html}",
  year          = {2014},
  note          = "[Online; accessed 3 - arch-2016]"
}
